@MISC{WEBSITE:beagleboard,
   HOWPUBLISHED = "\url{https://http://beagleboard.org/}",
   TITLE = "Ecosistema de placas de desarrollo de proposito general",
   URLDATE = {2021-02-02}
}

@MISC{WEBSITE:kearneytrecker,
   HOWPUBLISHED = "\url{https://kzclip.com/video/MovcIQgHWKQ/3-movies-about-k-t-nc-machines.html}",
   AUTHOR = "Kearney \& Trecker",
   TITLE = "Compilacion de 3 vidoes historicos por Peter Groves",
   MONTH = "12",
   YEAR = "1965",
   URLDATE = {2020-11-10}
}
@MISC{WEBSITE:cnchistory,
   HOWPUBLISHED = "\url{https://www.cnc.com/the-history-of-computer-numerical-control-cnc/}",
   AUTHOR = "cnc.com",
   TITLE = "La historia del control numerico computarizado",
   MONTH = "11",
   YEAR = "2015",
   URLDATE = {2020-11-10}
}
@MISC{WEBSITE:gcode_wiki,
   HOWPUBLISHED = "\url{https://en.wikipedia.org/wiki/G-code\#Implementations}",
   AUTHOR = "wikipedia.com",
   TITLE = "La especificacion del lenguaje GCode",
   MONTH = "1",
   YEAR = "2019",
   URLDATE = {2020-11-10}
}

@MANUAL{rs274,
   HOWPUBLISHED = "\url{https://tsapps.nist.gov/publication/get_pdf.cfm?pub_id=823374}",
    organization  = "NIST National Institute of Standards and Technology",
    title         = "The NIST RS274NGC Interpreter - Version 3",
    number        = "6556",
    year          =  2000,
    note          = "Rev. 3"
   AUTHOR = "Thomas R. Kramer, Frederick M. Proctor, Elena R. Messina",
}

%-------------------------------------

@MISC{WEBSITE:html5,HOWPUBLISHED      = "\url{https://en.wikipedia.org/wiki/HTML5}" }
@MISC{WEBSITE:css,HOWPUBLISHED        = "\url{https://en.wikipedia.org/wiki/CSS}"}
@MISC{WEBSITE:javascript,HOWPUBLISHED = "\url{https://en.wikipedia.org/wiki/JavaScript}"}
@MISC{WEBSITE:webgl,HOWPUBLISHED      = "\url{https://get.webgl.org/}"}
@MISC{WEBSITE:threejs,HOWPUBLISHED    = "\url{https://https://threejs.org/}"}
@MISC{WEBSITE:websockets,HOWPUBLISHED = "\url{https://en.wikipedia.org/wiki/WebSocket}"}
@MISC{WEBSITE:socketio,HOWPUBLISHED   = "\url{https://socket.io/}"}
@MISC{WEBSITE:aiohttp,HOWPUBLISHED    = "\url{https://docs.aiohttp.org/en/stable/}"}
@MISC{WEBSITE:asyncio,HOWPUBLISHED    = "\url{https://docs.python.org/3/library/asyncio.html}"}
@MISC{WEBSITE:python,HOWPUBLISHED     = "\url{https://www.python.org/}"}
@MISC{WEBSITE:opencv,HOWPUBLISHED     = "\url{https://opencv.org/}"}
@MISC{WEBSITE:pyopencv,HOWPUBLISHED   = "\url{https://pypi.org/project/pyopencv/}"}

@MISC{WEBSITE:ipwebcam,HOWPUBLISHED   = "\url{https://play.google.com/store/apps/details?id=com.pas.webcam&hl=en&gl=US}"}

